@ARTICLE{cover-elgamal-relay,
author={T. Cover and A. E. Gamal},
journal={{IEEE} Trans. Inform. Theory},
title={Capacity theorems for the relay channel},
year={1979},
volume={25},
number={5},
pages={572-584},
%doi={10.1109/TIT.1979.1056084},
ISSN={0018-9448},
month={September},}

@INPROCEEDINGS{cover-kim-deterministic,
author={T. M. Cover and Y. H. Kim},
booktitle={2007 IEEE International Symposium on Information Theory},
title={Capacity of a Class of Deterministic Relay Channels},
year={2007},
volume={},
number={},
pages={591-595},
%doi={10.1109/ISIT.2007.4557289},
ISSN={2157-8095},
month={June},}

@ARTICLE{nazer-compute-f,
author={B. Nazer and M. Gastpar},
journal={{IEEE} Trans. Inform. Theory},
title={Compute-and-Forward: Harnessing Interference Through Structured Codes},
year={2011},
volume={57},
number={10},
pages={6463-6486},
%doi={10.1109/TIT.2011.2165816},
ISSN={0018-9448},
month={Oct},}

@ARTICLE{lim-nnc,
author={S. H. Lim and Y. H. Kim and A. El Gamal and S. Y. Chung},
journal={IEEE Transactions on Information Theory},
title={Noisy Network Coding},
year={2011},
volume={57},
number={5},
pages={3132-3152},
keywords={Gaussian channels;amplify and forward communication;decoding;interference (signal);multicast communication;network coding;telecommunication network routing;Gaussian networks;Wyner-Ziv binning;amplify-forward coding;communicating messages;compress-forward coding;cyclic networks;decoding;deterministic networks;hash-forward coding;independent codebooks;interference channel;multimessage multicast networks;multimessage networks;noiseless networks;noisy network coding;relay channel;wireless relay networks;Decoding;Encoding;Indexes;Interference;Network coding;Noise measurement;Relays;Compress-forward;Gaussian network;discrete memoryless network;interference relay channel;network coding;noisy network coding;relaying;two-way relay channel},
%doi={10.1109/TIT.2011.2119930},
ISSN={0018-9448},
month={May},}

@ARTICLE{polyanskiy,
author={Y. Polyanskiy and H. V. Poor and S. Verdu},
journal={{IEEE} Trans. Inform. Theory},
title={Channel Coding Rate in the Finite Blocklength Regime},
year={2010},
volume={56},
number={5},
pages={2307-2359},
%doi={10.1109/TIT.2010.2043769},
ISSN={0018-9448},
month={May},}

@INPROCEEDINGS{wang-transcoding-allerton,
author={C. C. Wang and D. J. Love and D. Ogbe},
booktitle={2017 55th Annual Allerton Conference on Communication, Control, and Computing (Allerton)},
title={{Transcoding:} {A} new strategy for relay channels},
year={2017},
volume={},
number={},
pages={450-454},
keywords={Internet of Things;amplify and forward communication;channel coding;decode and forward communication;relay networks (telecommunication);transcoding;DF relaying strategy;finite-delay regime;future communication networks;intuitive transcoding schemes;relay channel;relaying model;simple transcoding schemes;traditional information-theoretic problem;traditional relaying schemes;Communication systems;Computational modeling;Decoding;Delays;Relays;Transcoding},
%doi={10.1109/ALLERTON.2017.8262772},
ISSN={},
month={Oct},}
